@misc {Tutorial,
   author = {Sarah Doody},
   title = {Step-by-step guide to create an effective user research survey}, url = {https://www.youtube.com/watch?v=exyHMFVrZCg&t=626s}
}

@misc {Test-first,
    author = {Edwards, Stephen H.},
    title = {Rethinking computer science education from a test-first perspective},
    year = {2003},
    url = {https://doi.org/10.1145/949344.949390}
}

@misc {Test-driven,
    author = {Janzen, David S. and Saiedian, Hossein},
    title = {Test-driven learning: intrinsic integration of testing into the CS/SE curriculum},
    year = {2006},
    url = {https://doi.org/10.1145/1124706.1121419}
}

@misc {Teaching,
    author = {Hassan, Mohammed and Cunningham, Kathryn and Zilles, Craig},
    title = {Evaluating Beacons, the Role of Variables, Tracing, and Abstract Tracing for Teaching Novices to Understand Program Intent},
    year = {2023},
    url = {https://doi.org/10.1145/3568813.3600140}
}

@misc {Fuzz,
    author = {GeeksforGeeks},
    title = {Fuzz Testing – Software Testing},
    year = {2023},
    url = {https://www.geeksforgeeks.org/software-testing-fuzz-testing/}
}

@misc {FuzzTutorial,
    author = {Go},
    title = {Tutorial: Getting started with fuzzing},
    url = {https://go.dev/doc/tutorial/fuzz}
}

@misc {Architecture,
    author = {GeeksforGeeks},
    title = {How Web Works – Web Application Architecture for Beginners},
    year = {2023},
    url = {https://www.geeksforgeeks.org/how-web-works-web-application-architecture-for-beginners/}
}

@misc {CodingBat,
    title = {CodingBat}, 
    url = {https://codingbat.com/java}
}




